% Encoding: UTF-8

@Article{acelluar,
  author  = {K.Nagel and M.Schreckenberg},
  title   = {A cellular automaton model for freeway traffic},
  journal = {J.PHYS.I(France)2,2221~2229},
  year    = {1992},
}

@Article{note,
  author = {Tom V. Mathew},
  title  = {Toll Operation——Lecture notes in Traffic Engineering And Management},
  year   = {2014},
  month  = {Augest},
}

@Comment{jabref-meta: databaseType:bibtex;}
