% Encoding: UTF-8

@Book{,
  title     = {Tomorrow},
  publisher = {Tomorrow},
  year      = {2017},
  author    = {Claire},
}

@Comment{jabref-meta: databaseType:bibtex;}
